%YAML 1.1
%TAG !u! tag:unity3d.com,2011:
--- !u!1 &144184
GameObject:
  m_ObjectHideFlags: 0
  m_PrefabParentObject: {fileID: 0}
  m_PrefabInternal: {fileID: 100100000}
  serializedVersion: 4
  m_Component:
  - 4: {fileID: 451186}
  - 114: {fileID: 11402102}
  - 65: {fileID: 6514764}
  - 82: {fileID: 8256518}
  m_Layer: 9
  m_Name: WateringCanCard
  m_TagString: Untagged
  m_Icon: {fileID: 0}
  m_NavMeshLayer: 0
  m_StaticEditorFlags: 0
  m_IsActive: 1
--- !u!4 &451186
Transform:
  m_ObjectHideFlags: 1
  m_PrefabParentObject: {fileID: 0}
  m_PrefabInternal: {fileID: 100100000}
  m_GameObject: {fileID: 144184}
  m_LocalRotation: {x: 0, y: 0, z: 0, w: 1}
  m_LocalPosition: {x: 0, y: 0, z: 0}
  m_LocalScale: {x: 1, y: 1, z: 1}
  m_Children: []
  m_Father: {fileID: 0}
  m_RootOrder: 0
--- !u!65 &6514764
BoxCollider:
  m_ObjectHideFlags: 1
  m_PrefabParentObject: {fileID: 0}
  m_PrefabInternal: {fileID: 100100000}
  m_GameObject: {fileID: 144184}
  m_Material: {fileID: 0}
  m_IsTrigger: 0
  m_Enabled: 1
  serializedVersion: 2
  m_Size: {x: 1, y: 1, z: .0500000007}
  m_Center: {x: 0, y: 0, z: 0}
--- !u!82 &8256518
AudioSource:
  m_ObjectHideFlags: 1
  m_PrefabParentObject: {fileID: 0}
  m_PrefabInternal: {fileID: 100100000}
  m_GameObject: {fileID: 144184}
  m_Enabled: 1
  serializedVersion: 4
  OutputAudioMixerGroup: {fileID: 0}
  m_audioClip: {fileID: 8300000, guid: 3564d6abb815bfe459b844964d4ae482, type: 3}
  m_PlayOnAwake: 1
  m_Volume: .90200001
  m_Pitch: 1
  Loop: 0
  Mute: 0
  Spatialize: 0
  Priority: 128
  DopplerLevel: 1
  MinDistance: 1
  MaxDistance: 500
  Pan2D: 0
  rolloffMode: 0
  BypassEffects: 0
  BypassListenerEffects: 0
  BypassReverbZones: 0
  rolloffCustomCurve:
    serializedVersion: 2
    m_Curve:
    - time: 0
      value: 1
      inSlope: 0
      outSlope: 0
      tangentMode: 0
    - time: 1
      value: 0
      inSlope: 0
      outSlope: 0
      tangentMode: 0
    m_PreInfinity: 2
    m_PostInfinity: 2
  panLevelCustomCurve:
    serializedVersion: 2
    m_Curve:
    - time: 0
      value: 0
      inSlope: 0
      outSlope: 0
      tangentMode: 0
    m_PreInfinity: 2
    m_PostInfinity: 2
  spreadCustomCurve:
    serializedVersion: 2
    m_Curve:
    - time: 0
      value: 0
      inSlope: 0
      outSlope: 0
      tangentMode: 0
    m_PreInfinity: 2
    m_PostInfinity: 2
  reverbZoneMixCustomCurve:
    serializedVersion: 2
    m_Curve:
    - time: 0
      value: 1
      inSlope: 0
      outSlope: 0
      tangentMode: 0
    m_PreInfinity: 2
    m_PostInfinity: 2
--- !u!114 &11402102
MonoBehaviour:
  m_ObjectHideFlags: 1
  m_PrefabParentObject: {fileID: 0}
  m_PrefabInternal: {fileID: 100100000}
  m_GameObject: {fileID: 144184}
  m_Enabled: 1
  m_EditorHideFlags: 0
  m_Script: {fileID: 11500000, guid: 76c01514e78a6d54e89240df93f67853, type: 3}
  m_Name: 
  m_EditorClassIdentifier: 
  cardViewPrefab: {fileID: 181348, guid: 8fb228192bcf01b43b5357118726421e, type: 2}
  cardName: Watering Can
  cardImage: {fileID: 2100000, guid: cc5a0d1eadb997f469d6c84775301ba8, type: 2}
  cardBacking: {fileID: 2100000, guid: b133426fcb370b943b68b398bbd55eaa, type: 2}
  flowerStats:
    enabled: 0
    petals: 0
    cards: 0
  waterStats:
    enabled: 1
    waterAmount: 3
  rainPrefab: {fileID: 118082, guid: 686b0be698cda3545b115da8074c4574, type: 2}
  waterAmount: 3
--- !u!1001 &100100000
Prefab:
  m_ObjectHideFlags: 1
  serializedVersion: 2
  m_Modification:
    m_TransformParent: {fileID: 0}
    m_Modifications:
    - target: {fileID: 0}
      propertyPath: m_Size.z
      value: .0500000007
      objectReference: {fileID: 0}
    - target: {fileID: 0}
      propertyPath: waterAmount
      value: 3
      objectReference: {fileID: 0}
    - target: {fileID: 0}
      propertyPath: m_Materials.Array.data[0]
      value: 
      objectReference: {fileID: 2100000, guid: a776f64a6c4be2c4089559ca6db7e51c, type: 2}
    - target: {fileID: 0}
      propertyPath: cardViewPrefab
      value: 
      objectReference: {fileID: 181348, guid: 8fb228192bcf01b43b5357118726421e, type: 2}
    - target: {fileID: 0}
      propertyPath: cardName
      value: Watering Can
      objectReference: {fileID: 0}
    - target: {fileID: 0}
      propertyPath: cardImage
      value: 
      objectReference: {fileID: 2100000, guid: cc5a0d1eadb997f469d6c84775301ba8, type: 2}
    - target: {fileID: 0}
      propertyPath: cardBacking
      value: 
      objectReference: {fileID: 2100000, guid: b133426fcb370b943b68b398bbd55eaa, type: 2}
    - target: {fileID: 0}
      propertyPath: waterStats.enabled
      value: 1
      objectReference: {fileID: 0}
    - target: {fileID: 0}
      propertyPath: waterStats.quantity
      value: 3
      objectReference: {fileID: 0}
    - target: {fileID: 0}
      propertyPath: rainPrefab
      value: 
      objectReference: {fileID: 118082, guid: 686b0be698cda3545b115da8074c4574, type: 2}
    - target: {fileID: 0}
      propertyPath: m_audioClip
      value: 
      objectReference: {fileID: 8300000, guid: 3564d6abb815bfe459b844964d4ae482, type: 3}
    - target: {fileID: 0}
      propertyPath: m_Volume
      value: .90200001
      objectReference: {fileID: 0}
    - target: {fileID: 0}
      propertyPath: waterStats.waterAmount
      value: 3
      objectReference: {fileID: 0}
    m_RemovedComponents: []
  m_ParentPrefab: {fileID: 0}
  m_RootGameObject: {fileID: 144184}
  m_IsPrefabParent: 1
